<?xml version="1.0" encoding="UTF-8"?><collection xmlns="http://www.loc.gov/MARC21/slim"><record><leader>00493nam--2200181-i-4500</leader><controlfield tag="001">000003368</controlfield><controlfield tag="002">20161230</controlfield><controlfield tag="005">20161230201025</controlfield><controlfield tag="008">060222s1000------------r-----000-0-eng-d</controlfield><datafield ind1=" " ind2=" " tag="040"><subfield code="a">IFIN-HH</subfield></datafield><datafield ind1=" " ind2=" " tag="080"><subfield code="a">539.215</subfield></datafield><datafield ind1="1" ind2=" " tag="100"><subfield code="a">Dalla Vale, J.M</subfield></datafield><datafield ind1="1" ind2="0" tag="245"><subfield code="a">Micromeritics</subfield><subfield code="b">The technology of fine particles</subfield><subfield code="c">J.m. dallavale</subfield></datafield><datafield ind1=" " ind2=" " tag="250"><subfield code="a">Second Edition</subfield></datafield><datafield ind1=" " ind2=" " tag="260"><subfield code="a">London</subfield><subfield code="b">Pitman Publishing Corporation</subfield><subfield code="c">1948</subfield></datafield><datafield ind1=" " ind2=" " tag="300"><subfield code="a">XXVIII+555P</subfield></datafield><datafield ind1=" " ind2=" " tag="852"><subfield code="a">601</subfield><subfield code="c">539.2</subfield></datafield><datafield ind1=" " ind2=" " tag="CAT"><subfield code="a">Sys</subfield><subfield code="c">20120718</subfield><subfield code="h">123035</subfield></datafield></record></collection>